<record><leader>00000cas a2200000 a 4500</leader><controlfield tag="001">5356341</controlfield><controlfield tag="008">790910d197u1979aluwr ne      0   a0eng d</controlfield><datafield ind1=" " ind2=" " tag="010"><subfield code="a">sn 79009327 </subfield></datafield><datafield ind1=" " ind2=" " tag="040"><subfield code="a">NSD</subfield><subfield code="b">eng</subfield><subfield code="c">NSD</subfield><subfield code="d">CPN</subfield><subfield code="d">OCL</subfield><subfield code="d">OCLCQ</subfield></datafield><datafield ind1=" " ind2=" " tag="012"><subfield code="k">1</subfield><subfield code="m">c</subfield></datafield><datafield ind1="1" ind2=" " tag="022"><subfield code="a">0194-2042</subfield><subfield code="l">0194-2042</subfield><subfield code="2">1</subfield></datafield><datafield ind1=" " ind2=" " tag="032"><subfield code="a">019210</subfield><subfield code="b">USPS</subfield></datafield><datafield ind1=" " ind2=" " tag="042"><subfield code="a">nsdp</subfield></datafield><datafield ind1=" " ind2="0" tag="222"><subfield code="a">Coosa Valley advance</subfield></datafield><datafield ind1="0" ind2="0" tag="245"><subfield code="a">Coosa Valley advance.</subfield></datafield><datafield ind1=" " ind2=" " tag="260"><subfield code="a">Sylacauga, Ala. :</subfield><subfield code="b">Mrs. W.A. Moody, Jr.</subfield></datafield><datafield ind1=" " ind2=" " tag="300"><subfield code="a">v.</subfield></datafield><datafield ind1=" " ind2=" " tag="310"><subfield code="a">Weekly</subfield></datafield><datafield ind1="0" ind2=" " tag="362"><subfield code="a">-v. 8, no. 20 (June 20, 1979).</subfield></datafield><datafield ind1=" " ind2=" " tag="588"><subfield code="a">Description based on: Vol. 5, no. 40 (Oct. 27, 1976).</subfield></datafield><datafield ind1=" " ind2=" " tag="752"><subfield code="a">United States</subfield><subfield code="b">Alabama</subfield><subfield code="c">Talladega</subfield><subfield code="d">Sylacauga.</subfield></datafield><datafield ind1="0" ind2="1" tag="785"><subfield code="t">Advance (Sylacauga, Ala.)</subfield><subfield code="w">(DLC)sn 88050231</subfield></datafield><datafield ind1=" " ind2=" " tag="936"><subfield code="a">Apr. 11, 1979</subfield></datafield></record>